@online{msdoc-aziotedge,
  author  = {Pat Altimore and Huaping Yu and Micah Lewis},
  title   = {What is Azure {IoT} Edge},
  year    = 2023,
  url     = {https://learn.microsoft.com/en-us/azure/iot-edge/about-iot-edge?view=iotedge-1.4},
  urldate = {2023-08-29}
}

@online{msdoc-slas,
  author = {Tobias Zimmergren and Matt Goedtel},
  title = {Cloud monitoring service level objectives},
  year = 2023,
  url = {https://learn.microsoft.com/en-us/azure/cloud-adoption-framework/manage/monitor/service-level-objectives},
  urldate = {2023-11-11}
}

@online{msdoc-aziot,
  author = {Domenic Betts},
  title = {What is {A}zure {I}nternet of {T}hings ({IoT})},
  year = 2023,
  url = {https://learn.microsoft.com/en-us/azure/iot/iot-introduction},
  urldate = {2023-11-16}
}

@online{man-df,
  author  = {Torbjorn Granlund and David MacKenzie and Paul Eggert},
  title   = {df{(1)} — Linux manual page},
  year    = 2023,
  url     = {https://www.man7.org/linux/man-pages/man1/df.1.html},
  urldate = {2023-11-11}
}

@online{man-reboot,
  author  = {Scott James Remnant},
  title   = {reboot(8) - Linux man page},
  year    = 2009,
  url     = {https://linux.die.net/man/8/reboot},
  urldate = {2023-11-12}
}

@online{man-shutdown,
  author  = {Scott James Remnant},
  title   = {shutdown(8) - Linux man page},
  year    = 2009,
  url     = {https://linux.die.net/man/8/shutdown},
  urldate = {2023-11-12}
}

@online{ubuntu-releasenote,
  author  = {Łukasz Zemczak},
  title   = {Jammy Jellyfish Release Notes},
  url     = {https://discourse.ubuntu.com/t/jammy-jellyfish-release-notes/24668#heading--introduction},
  year    = 2021,
  urldate = {2023-10-24}
}

@online{msdoc-supportetplatforms,
  author  = {Pat Altimore and Micah Lewis},
  title   = {Azure {IoT} Edge supported platforms},
  year    = 2023,
  url     = {https://learn.microsoft.com/en-us/azure/iot-edge/support?view=iotedge-1.4},
  urldate = {2023-10-24}
}

@inproceedings{9116254,
  author    = {Muhammed, Aina’u Shehu and Ucuz, Derya},
  booktitle = {2020 8th International Symposium on Digital Forensics and Security (ISDFS)},
  title     = {Comparison of the IoT Platform Vendors, Microsoft Azure, Amazon Web Services, and Google Cloud, from Users’ Perspectives},
  year      = {2020},
  volume    = {},
  number    = {},
  pages     = {1-4},
  doi       = {10.1109/ISDFS49300.2020.9116254}
}

@inproceedings{1411255,
  author    = {Dolstra, Eelco and L\"{o}h, Andres},
  title     = {NixOS: A Purely Functional Linux Distribution},
  year      = {2008},
  isbn      = {9781595939197},
  publisher = {Association for Computing Machinery},
  address   = {New York, NY, USA},
  url       = {https://doi.org/10.1145/1411204.1411255},
  doi       = {10.1145/1411204.1411255},
  booktitle = {Proceedings of the 13th ACM SIGPLAN International Conference on Functional Programming},
  pages     = {367–378},
  numpages  = {12},
  location  = {Victoria, BC, Canada},
  series    = {ICFP '08}
}
@inbook{Sharma2019,
  author    = {Sharma, Neha
               and Shamkuwar, Madhavi
               and Singh, Inderjit},
  editor    = {Balas, Valentina E.
               and Solanki, Vijender Kumar
               and Kumar, Raghvendra
               and Khari, Manju},
  title     = {The History, Present and Future with IoT},
  booktitle = {Internet of Things and Big Data Analytics for Smart Generation},
  year      = {2019},
  publisher = {Springer International Publishing},
  address   = {Cham},
  pages     = {27--51},
  isbn      = {978-3-030-04203-5},
  doi       = {10.1007/978-3-030-04203-5_3},
  url       = {https://doi.org/10.1007/978-3-030-04203-5_3}
}


@article{s19081793,
  author         = {Zikria, Yousaf Bin and Kim, Sung Won and Hahm, Oliver and Afzal, Muhammad Khalil and Aalsalem, Mohammed Y.},
  title          = {Internet of Things (IoT) Operating Systems Management: Opportunities, Challenges, and Solution},
  journal        = {Sensors},
  volume         = {19},
  year           = {2019},
  number         = {8},
  article-number = {1793},
  url            = {https://www.mdpi.com/1424-8220/19/8/1793},
  pubmedid       = {30991658},
  issn           = {1424-8220},
  doi            = {10.3390/s19081793}
}

@inproceedings{gollenstede:23:lctes,
 address = {New York, NY, USA},
 author = {Gollenstede, Niklas and Kulau, Ulf and Dietrich, Christian},
 booktitle = {Proceedings of the 24th ACM SIGPLAN/SIGBED International Conference on Languages, Compilers, and Tools for Embedded Systems},
 doi = {10.1145/3589610.3596273},
 entrysubtype = {Conference},
 isbn = {979-8-4007-0174-0/23/06},
 month = {June},
 publisher = {ACM Press},
 title = {{reUpNix}: Reconfigurable and Updateable Embedded Systems},
 userc = {CORE21:B},
 userd = {LCTES '23},
 year = {2023}
}

@article{dolstra2003,
  author         = { Eelco Dolstra},
  title          = {Integrating Software Construction and Software Deployment},
  year           = {2003},
}
